@article{starke2007strukturvorlage,
  title={Eine Strukturvorlage zur effektiven Dokumentation von Software-und IT Architekturen},
  author={Starke, Gernot and Hruschka, Peter},
  journal={Wirtschaftinformatik Proceedings 2007},
  pages={61},
  year={2007}
}